%YAML 1.1
%TAG !u! tag:unity3d.com,2011:
--- !u!1001 &100100000
Prefab:
  m_ObjectHideFlags: 1
  serializedVersion: 2
  m_Modification:
    m_TransformParent: {fileID: 0}
    m_Modifications: []
    m_RemovedComponents: []
  m_SourcePrefab: {fileID: 0}
  m_RootGameObject: {fileID: 1738113188181566}
  m_IsPrefabAsset: 1
--- !u!1 &1738113188181566
GameObject:
  m_ObjectHideFlags: 0
  m_CorrespondingSourceObject: {fileID: 0}
  m_PrefabInternal: {fileID: 100100000}
  serializedVersion: 6
  m_Component:
  - component: {fileID: 4714776382577762}
  - component: {fileID: 114483517787415920}
  - component: {fileID: 114725413755878540}
  m_Layer: 0
  m_Name: ProceduralApartmentLayout 1
  m_TagString: Untagged
  m_Icon: {fileID: 0}
  m_NavMeshLayer: 0
  m_StaticEditorFlags: 0
  m_IsActive: 1
--- !u!4 &4714776382577762
Transform:
  m_ObjectHideFlags: 1
  m_CorrespondingSourceObject: {fileID: 0}
  m_PrefabInternal: {fileID: 100100000}
  m_GameObject: {fileID: 1738113188181566}
  m_LocalRotation: {x: 0, y: 0, z: 0, w: 1}
  m_LocalPosition: {x: 0, y: 0, z: 0}
  m_LocalScale: {x: 1, y: 1, z: 1}
  m_Children: []
  m_Father: {fileID: 0}
  m_RootOrder: 0
  m_LocalEulerAnglesHint: {x: 0, y: 0, z: 0}
--- !u!114 &114483517787415920
MonoBehaviour:
  m_ObjectHideFlags: 1
  m_CorrespondingSourceObject: {fileID: 0}
  m_PrefabInternal: {fileID: 100100000}
  m_GameObject: {fileID: 1738113188181566}
  m_Enabled: 1
  m_EditorHideFlags: 0
  m_Script: {fileID: 11500000, guid: fcc23502a4d6cad4eb02654c932ed31c, type: 3}
  m_Name: 
  m_EditorClassIdentifier: 
  roomData: {fileID: 4900000, guid: e4c56832758d8644f838834adc904d8b, type: 3}
  verticalModulesData: {fileID: 0}
  horizontalModulesData: {fileID: 0}
  proceduralRoomPrefab: {fileID: 1370673733725836, guid: 62c9b2ebd475be74fb9e927ce82252e0,
    type: 2}
  representationMode: 2
  origin: {x: 0, y: 0, z: 0}
  wallWidth: 0.15
  width: 13.95
  height: 6.8
  dbVal: 3
  pbVal: 3
  baVal: 2.25
  baaVal: 2.1
  wcVal: 1.35
  wccVal: 1.35
  partyWall: 0.3
  exteriorWall: 0.45
  corridorWall: 0.2
  content: 
  modulesScale: 0.98
  apartmentType: 1b1p
  initializeOnStart: 0
  panelsGradient:
    serializedVersion: 2
    key0: {r: 0.9254902, g: 0.105882354, b: 0.23529412, a: 0.39215687}
    key1: {r: 0.8235294, g: 0, b: 0.7058824, a: 0.39215687}
    key2: {r: 0.15294118, g: 0.28235295, b: 0.6313726, a: 0.39215687}
    key3: {r: 0.07058824, g: 0.69803923, b: 0.3529412, a: 0}
    key4: {r: 0.8627451, g: 1, b: 0.1254902, a: 0}
    key5: {r: 0.9529412, g: 0.22352941, b: 0, a: 0}
    key6: {r: 0.8627451, g: 1, b: 0.1254902, a: 0}
    key7: {r: 0.8627451, g: 1, b: 0.1254902, a: 0}
    ctime0: 0
    ctime1: 13107
    ctime2: 26214
    ctime3: 39321
    ctime4: 52428
    ctime5: 65535
    ctime6: 52428
    ctime7: 52428
    atime0: 0
    atime1: 54163
    atime2: 65535
    atime3: 0
    atime4: 0
    atime5: 0
    atime6: 0
    atime7: 0
    m_Mode: 0
    m_NumColorKeys: 6
    m_NumAlphaKeys: 3
  totalArea: 0
  NIA: 0
  maxPanelWidth: 10.5
  roomInclusion: 010101010101010101010101010101010101010101010101
  roomNames:
  - BA
  - BAA
  - DB
  - PB
  - PBB
  - DBB
  - HW
  - HWW
  - ST
  - STT
  - WC
  - WCC
  - PSB
  - ADB
  - ADBB
  - APB
  - APBB
  - APSB
  - AILR
  - AILRR
  - LR
  - LRR
  - ALR
  - ALRR
  roomColors:
  - {r: 0.76862746, g: 0.7882353, b: 0.827451, a: 1}
  - {r: 0.76862746, g: 0.7882353, b: 0.827451, a: 1}
  - {r: 0.7921569, g: 0.68235296, b: 0.7372549, a: 1}
  - {r: 0.7921569, g: 0.68235296, b: 0.7372549, a: 1}
  - {r: 0.7921569, g: 0.68235296, b: 0.7372549, a: 1}
  - {r: 0.7921569, g: 0.68235296, b: 0.7372549, a: 1}
  - {r: 0.6784314, g: 0.6784314, b: 0.6784314, a: 1}
  - {r: 0.6792453, g: 0.6792453, b: 0.6792453, a: 1}
  - {r: 0.9411765, g: 0.827451, b: 0.52156866, a: 1}
  - {r: 0.9411765, g: 0.827451, b: 0.52156866, a: 1}
  - {r: 0.76862746, g: 0.7882353, b: 0.827451, a: 1}
  - {r: 0.76862746, g: 0.7882353, b: 0.827451, a: 1}
  - {r: 0.7921569, g: 0.68235296, b: 0.7372549, a: 1}
  - {r: 0.68235296, g: 0.68235296, b: 0.68235296, a: 1}
  - {r: 0.68235296, g: 0.68235296, b: 0.68235296, a: 1}
  - {r: 0.68235296, g: 0.68235296, b: 0.68235296, a: 1}
  - {r: 0.68235296, g: 0.68235296, b: 0.68235296, a: 1}
  - {r: 0.68235296, g: 0.68235296, b: 0.68235296, a: 1}
  - {r: 0.68235296, g: 0.68235296, b: 0.68235296, a: 1}
  - {r: 0.68235296, g: 0.68235296, b: 0.68235296, a: 1}
  - {r: 0.8392157, g: 0.9137255, b: 0.9098039, a: 1}
  - {r: 0.8392157, g: 0.9137255, b: 0.9098039, a: 1}
  - {r: 0.68235296, g: 0.68235296, b: 0.68235296, a: 1}
  - {r: 0.68235296, g: 0.68235296, b: 0.68235296, a: 1}
  types:
  - Bathroom
  - Bathroom 2
  - Double Bedroom
  - Principal Bedroom
  - Principal Bedroom 2
  - Double Bedroom 2
  - Hallway (only for double bedrooms)
  - Hallway 2 ( only for principal bedrooms)
  - Storage (only for double bedrooms)
  - Storage 2 (only for  principal bedrooms)
  - WC (only for double bedrooms)
  - WC 2 (only for  principal bedrooms)
  - Single Bedroom ( only for  principal bedrooms)
  - Amenity Space of Double Bedroom
  - Amenity Space of Double Bedroom 2
  - Amenity Space of Principal Bedroom
  - Amenity Space of Principal Bedroom 2
  - Amenity Space of Single Bedroom ( only for  principal bedrooms)
  - Interior Amenity Space for Living Room (only for double bedrooms)
  - Interior Amenity Space for Living Room (only for Principal bedrooms)
  - Living Room (only for double bedrooms)
  - Living Room (only for principal bedrooms)
  - Amenity Space for Living Room (only for double bedrooms)
  - Amenity Space for Living Room (only for Principal bedrooms)
  totalHeight: 3
  issue: 0
--- !u!114 &114725413755878540
MonoBehaviour:
  m_ObjectHideFlags: 1
  m_CorrespondingSourceObject: {fileID: 0}
  m_PrefabInternal: {fileID: 100100000}
  m_GameObject: {fileID: 1738113188181566}
  m_Enabled: 1
  m_EditorHideFlags: 0
  m_Script: {fileID: 11500000, guid: f3bf0a7aff60b8c42b71d5c2b4958583, type: 3}
  m_Name: 
  m_EditorClassIdentifier: 
  dimensionPrefab: {fileID: 1447142144653352, guid: e916d06f21d120b43a14b716b863935e,
    type: 2}
  dimensionsCanvasParent: {fileID: 0}
  offsetInputField: {fileID: 0}
  apatAreas:
  - {fileID: 0}
  - {fileID: 0}
  - {fileID: 0}
  - {fileID: 0}
  projectionCamera: {fileID: 0}
  lowerOffset: -1
  leftOffset: -1
  proceduralApartment: {fileID: 0}
